<?xml version="1.0" encoding="UTF-8"?><collection xmlns="http://www.loc.gov/MARC21/slim"><record><leader>00603nam--2200145-i-4500</leader><controlfield tag="001">000010271</controlfield><controlfield tag="002">20161230</controlfield><controlfield tag="005">20170305193338</controlfield><controlfield tag="008">060222s1000------------r-----000-0-eng-d</controlfield><datafield ind1=" " ind2=" " tag="100"><subfield code="a">Cremiers, Augier R., De</subfield></datafield><datafield ind1=" " ind2=" " tag="245"><subfield code="a">Les solutions mecanographiques apportees par marcoule aux problemes de programmation de dechargement en marche des reacteurs, A.I.E.A. conference sur l experience pratique du fonctionnement des reacteurs de puissance, Vienne, 4-8 juin, 1963</subfield></datafield><datafield ind1=" " ind2=" " tag="260"><subfield code="a">Marcoule</subfield><subfield code="b">Centre De Production De Plutonium</subfield><subfield code="c">1963</subfield></datafield><datafield ind1=" " ind2=" " tag="300"><subfield code="a">18 p</subfield></datafield><datafield ind1=" " ind2=" " tag="852"><subfield code="a">621.039.543.466</subfield></datafield><datafield ind1=" " ind2=" " tag="CAT"><subfield code="a">SYS</subfield><subfield code="c">20170305</subfield><subfield code="h">193338</subfield></datafield></record></collection>